@inproceedings{Zaharia:2013:DSF:2517349.2522737,
 author = {Zaharia, Matei and Das, Tathagata and Li, Haoyuan and Hunter, Timothy and Shenker, Scott and Stoica, Ion},
 title = {{Discretized Streams: Fault-tolerant Streaming Computation at Scale}},
 booktitle = {Proceedings of the Twenty-Fourth ACM Symposium on Operating Systems Principles},
 series = {SOSP '13},
 year = {2013},
 isbn = {978-1-4503-2388-8},
 location = {Farminton, Pennsylvania},
 pages = {423--438},
 numpages = {16},
 url = {http://doi.acm.org/10.1145/2517349.2522737},
 doi = {10.1145/2517349.2522737},
 acmid = {2522737},
 publisher = {ACM},
 address = {New York, NY, USA},
}

@inproceedings{Zaharia:2012:DSE:2342763.2342773,
 author = {Zaharia, Matei and Das, Tathagata and Li, Haoyuan and Shenker, Scott and Stoica, Ion},
 title = {{Discretized Streams: An Efficient and Fault-tolerant Model for Stream Processing on Large Clusters}},
 booktitle = {Proceedings of the 4th USENIX Conference on Hot Topics in Cloud Ccomputing},
 series = {HotCloud'12},
 year = {2012},
 location = {Boston, MA},
 pages = {10--10},
 numpages = {1},
 url = {http://dl.acm.org/citation.cfm?id=2342763.2342773},
 acmid = {2342773},
 publisher = {USENIX Association},
 address = {Berkeley, CA, USA},
} 

@online{SparkStream,
author = {https://spark.apache.org/docs/0.9.0/streaming-programming-guide.html},
title = {{Streaming Programming Guide}},
year = {2014},
url = {https://spark.apache.org/docs/0.9.0/streaming-programming-guide.html}
}
